===============================================================================
PLEASE do not use '%' to comment out things in bibtex. Text outside @xxx{} are 
not compiled naturally. Using '%' might cause issues.
===============================================================================
@string{plb = "Phys. Lett. B"}
@string{prd = "Phys. Rev. D"}
@string{prl = "Phys. Rev. Lett."}
@string{nim = "Nucl. Instrum. Methods"}
@string{nima = "Nucl. Instrum. Methods A"}
@string{epjc = "Eur. Phys. J. {\bf C}"}
@string{comp = "Comput. Phys. Commun."}
@string{jphysg = "{J. Phys. G}"}
string{jinst = "J. of Inst."}
@string{jhep = "J. High Energy Phys."}
string{npb = "Nucl. Phys. {\bf B}"}
@string{np = "Nucl. Phys."}
===============================================================================
 BIBLIOGRAPHY
===============================================================================
CollinsInSIDISandEE
@article{CollinsInSIDISandEE,
      author         = "Boglione, M. and D'Alesio, U. and Murgia, F.",
      title          = "{Single spin asymmetries in inclusive hadron production
                        from semiinclusive DIS to hadronic collisions:
                        Universality and phenomenology}",
      journal        = "Phys.Rev.",
      volume         = "D77",
      pages          = "051502",
      doi            = "10.1103/PhysRevD.77.051502",
      year           = "2008",
      eprint         = "0712.4240",
      archivePrefix  = "arXiv",
      primaryClass   = "hep-ph",
      SLACcitation   = "%%CITATION = ARXIV:0712.4240;%%",
}

@article{Collins:1993kq,
      author         = "Collins, John C. and Heppelmann, Steve F. and Ladinsky,
                        Glenn A.",
      title          = "{Measuring transversity densities in singly polarized
                        hadron hadron and lepton - hadron collisions}",
      journal        = "Nucl. Phys.",
      volume         = "B420",
      year           = "1994",
      pages          = "565-582",
      doi            = "10.1016/0550-3213(94)90078-7",
   
}

@phdthesis{BoerThesis,
      author         = "Boer, Daniel",
      title          = "{Azimuthal asymmetries in hard scattering processes}",
      school         = "Vrije U., Amsterdam",
      year           = "1998",
      reportNumber   = "RX-1630",
      SLACcitation   = "%%CITATION = RX-1630;%%"
}

@article{BoerBelleAngular,
      author         = "Boer, Daniel",
      title          = "{Angular dependences in inclusive two-hadron production
                        at BELLE}",
      journal        = "Nucl. Phys.",
      volume         = "B806",
      year           = "2009",
      pages          = "23-67",
      doi            = "10.1016/j.nuclphysb.2008.06.011",
     
}

@article{ChargedPionResult2,
      author         = "Seidl, R. and others",
      title          = "{Measurement of Azimuthal Asymmetries in Inclusive
                        Production of Hadron Pairs in e+e- Annihilation at
                        s**(1/2) = 10.58-GeV}",
      collaboration  = "Belle",
      journal        = "Phys.Rev.",
      volume         = "D78",
      pages          = "032011",
      doi            = "10.1103/PhysRevD.78.032011, 10.1103/PhysRevD.86.039905",
      year           = "2008",
      
}

@article{ChargedPionResult,
      author         = "Seidl, R. and others",
      title          = "{Measurement of Azimuthal Asymmetries in Inclusive
                        Production of Hadron Pairs in e+e- Annihilation at
                        s**(1/2) = 10.58-GeV}",
      collaboration  = "Belle",
      journal        = "Phys.Rev.",
      volume         = "D78",
      pages          = "032011",
      doi            = "10.1103/PhysRevD.78.032011, 10.1103/PhysRevD.86.039905",
      year           = "2008",
      
}
@article{BabarCharged,
      author         = "Lees, J.P. and others",
      title          = "{Measurement of Collins asymmetries in inclusive
                        production of charged pion pairs in e+e- annihilation at
                        BABAR}",
      collaboration  = "BaBar",
      journal        = "Phys.Rev.",
      number         = "5",
      volume         = "D90",
      pages          = "052003",
      doi            = "10.1103/PhysRevD.90.052003",
      year           = "2014",
     
}
@article{Seidl:2008xc,
      author         = "Seidl, R. and others",
      title          = "{Measurement of Azimuthal Asymmetries in Inclusive
                        Production of Hadron Pairs in e+e- Annihilation at
                        s**(1/2) = 10.58-GeV}",
      collaboration  = "Belle",
      journal        = "Phys. Rev.",
      volume         = "D78",
      year           = "2008",
      pages          = "032011",
      doi            = "10.1103/PhysRevD.78.032011, 10.1103/PhysRevD.86.039905",
      note           = "[Erratum: Phys. Rev.D86,039905(2012)]",
     
}


@misc{BelleDetector,
howpublished="A.~Abashian {\it et al.} (Belle Collaboration), Nucl. Instrum. Methods Phys. Res. Sect.  {\bf A479}, 117 (2002); also see detector section in J.Brodzicka {\it et al.}, Prog. Theor. Exp. Phys. {\bf 2012}, 04D001 (2012).",
}

@article{Brun:1987ma,
      author         = "Brun, R. and Bruyant, F. and Maire, M. and McPherson,
                        A.C. and Zanarini, P.",
      title          = "{GEANT3}",
      year           = "1987",
      reportNumber   = "CERN-DD-EE-84-1",
      journal = "CERN-DD-EE-84-1",
      SLACcitation   = "%%CITATION = CERN-DD-EE-84-1 ETC.;%%",
}
@article{Lange:2001uf,
      author         = "Lange, D.J.",
      title          = "{The EvtGen particle decay simulation package}",
      journal        = "Nucl. Instrum. Methods Phys. Res. Sect.",
      volume         = "A462",
      pages          = "152-155",
      doi            = "10.1016/S0168-9002(01)00089-4",
      year           = "2001",
      SLACcitation   = "%%CITATION = NUIMA,A462,152;%%",
}
@article{Sjostrand:2006za,
      author         = "Sj{\"o}strand, Torbjorn and Mrenna, Stephen and Skands, Peter
                        Z.",
      title          = "{PYTHI A6.4 Physics and Manual}",
      journal        = "JHEP",
      volume         = "0605",
      pages          = "026",
      doi            = "10.1088/1126-6708/2006/05/026",
      year           = "2006",
//      eprint         = "hep-ph/0603175",
      archivePrefix  = "arXiv",
      primaryClass   = "hep-ph",
      reportNumber   = "FERMILAB-PUB-06-052-CD-T, LU-TP-06-13",
      SLACcitation   = "%%CITATION = HEP-PH/0603175;%%",
}

@misc{KEKB,
howpublished="S.~Kurokawa and E.~Kikutani, Nucl. Instrum. Methods Phys. Res. Sect. A {\bf 499}, 1 (2003), and other papers included in this Volume; T. Abe {\it et al.}, Prog. Theor. Exp. Phys. {\bf 2013}, 03A001 (2013)
  and references therein",
  }
@article{Vossen:2011fk,
      author         = "Vossen, A. and others",
      title          = "{Observation of transverse polarization asymmetries of
                        charged pion pairs in $e^+e^-$ annihilation near
                        $\sqrt{s}=10.58$ GeV}",
      collaboration  = "Belle",
      journal        = "Phys. Rev. Lett.",
      volume         = "107",
      year           = "2011",
      pages          = "072004",
      doi            = "10.1103/PhysRevLett.107.072004",
     
}


@article{Anselmino:2007fs,
      author         = "Anselmino, M. and Boglione, M. and D'Alesio, U. and
                        Kotzinian, A. and Murgia, F. and Prokudin, A. and Turk,
                        C.",
      title          = "{Transversity and Collins functions from SIDIS and e+ e-
                        data}",
      journal        = "Phys. Rev.",
      volume         = "D75",
      year           = "2007",
      pages          = "054032",
      doi            = "10.1103/PhysRevD.75.054032",
     
}
@article{Abe:2005zx,
      author         = "Abe, Kazuo and others",
      title          = "{Measurement of azimuthal asymmetries in inclusive
                        production of hadron pairs in e+ e- annihilation at
                        Belle}",
    
      collaboration  = "Belle",
      journal        = "Phys. Rev. Lett.",
      volume         = "96",
      year           = "2006",
      pages          = "232002",
      doi            = "10.1103/PhysRevLett.96.232002",
    
}

@article{BelleKaon,
      author         = "Giordano, Francesca",
      title          = "{Kaon Collins Fragmentation Function Access at Belle}",
      collaboration  = "Belle",
      journal        = "PoS",
      volume         = "DIS2014",
      pages          = "212",
      year           = "2014",
      SLACcitation   = "%%CITATION = POSCI,DIS2014,212;%%",
}
@article{Ablikim:2015pta,
      author         = "Ablikim, M. and others",
      title          = "{Measurement of azimuthal asymmetries in inclusive
                        charged dipion production in $e^+e^-$ annihilations at
                        $\sqrt{s}$ = 3.65 GeV}",
      collaboration  = "BESIII",
      journal        = "Phys. Rev. Lett.",
      volume         = "116",
      year           = "2016",
      number         = "4",
      pages          = "042001",
      doi            = "10.1103/PhysRevLett.116.042001",
     
}
@article{BabarKaon,
      author         = "Lees, J. P. and others",
      title          = "{Collins asymmetries in inclusive charged $KK$ and $K\pi$
                        pairs produced in $e^+e^-$ annihilation}",
      collaboration  = "BaBar",
      journal        = "Phys. Rev.",
      volume         = "D92",
      year           = "2015",
      number         = "11",
      pages          = "111101",
      doi            = "10.1103/PhysRevD.92.111101",
      
}
@article{BESIII,
      author         = "Ablikim, M. and others",
      title          = "{Measurement of azimuthal asymmetries in inclusive
                        charged dipion production in $e^+e^-$ annihilations at
                        $\sqrt{s}$ = 3.65 GeV}",
      collaboration  = "BESIII",
      journal        = "Phys. Rev. Lett.",
      volume         = "116",
      year           = "2016",
      number         = "4",
      pages          = "042001"
}

@article{TransversePN,
      author         = "Barone, Vincenzo and Drago, Alessandro and Ratcliffe,
                        Philip G.",
      title          = "{Transverse polarisation of quarks in hadrons}",
      journal        = "Phys.Rept.",
      volume         = "359",
      pages          = "1-168",
      doi            = "10.1016/S0370-1573(01)00051-5",
      year           = "2002",
      eprint         = "hep-ph/0104283",
      archivePrefix  = "arXiv",
      primaryClass   = "hep-ph",
      SLACcitation   = "%%CITATION = HEP-PH/0104283;%%",
}
@article{CompleteTreeLevel,
      author         = "Mulders, P.J. and Tangerman, R.D.",
      title          = "{The Complete tree level result up to order 1/Q for
                        polarized deep inelastic leptoproduction}",
      journal        = "Nucl.Phys.",
      volume         = "B461",
      pages          = "197-237",
      doi            = "10.1016/0550-3213(95)00632-X",
      year           = "1996",
      eprint         = "hep-ph/9510301",
      archivePrefix  = "arXiv",
      primaryClass   = "hep-ph",
      reportNumber   = "NIKHEF-95-053",
      SLACcitation   = "%%CITATION = HEP-PH/9510301;%%",
}
@article{AsymmetryInEE,
      author         = "Boer, Daniel and Jakob, R. and Mulders, P.J.",
      title          = "{Leading asymmetries in two hadron production in e+ e-
                        annihilation at the Z pole}",
      journal        = "Phys.Lett.",
      volume         = "B424",
      pages          = "143-151",
      doi            = "10.1016/S0370-2693(98)00136-1",
      year           = "1998",
      eprint         = "hep-ph/9711488",
      archivePrefix  = "arXiv",
      primaryClass   = "hep-ph",
      reportNumber   = "NIKHEF-97-046, VUTH-97-19, FNT-T-97-14",
      SLACcitation   = "%%CITATION = HEP-PH/9711488;%%",
}

@article{Boer:2003cm,
      author         = "Boer, Daniel and Mulders, P. J. and Pijlman, F.",
      title          = "{Universality of T odd effects in single spin and
                        azimuthal asymmetries}",
      journal        = "Nucl. Phys.",
      volume         = "B667",
      year           = "2003",
      pages          = "201-241",
      doi            = "10.1016/S0550-3213(03)00527-3",
      eprint         = "hep-ph/0303034",
      archivePrefix  = "arXiv",
      primaryClass   = "hep-ph",
      SLACcitation   = "%%CITATION = HEP-PH/0303034;%%"
}

@book{FoundationsofpQCD,
      author         = "Collins, John",
      title          = "{Foundations of perturbative QCD}",
      publisher      = "Cambridge University Press",
      year           = "2013",
      url            = "http://www.cambridge.org/de/knowledge/isbn/item5756723",
      journal        = "Cambridge, UK: Univ. Pr. (2011) 624 p",
      ISBN           = "9781107645257, 9781107645257, 9780521855334,
                        9781139097826",
      SLACcitation   = "%%CITATION = INSPIRE-922696;%%"
}

@article{AsyInPolarizedHadronProductionInEE,
      author         = "Boer, Daniel and Jakob, R. and Mulders, P.J.",
      title          = "{Asymmetries in polarized hadron production in e+ e-
                        annihilation up to order 1/Q}",
      journal        = "Nucl.Phys.",
      volume         = "B504",
      pages          = "345-380",
      doi            = "10.1016/S0550-3213(97)00456-2",
      year           = "1997",
      eprint         = "hep-ph/9702281",
      archivePrefix  = "arXiv",
      primaryClass   = "hep-ph",
      reportNumber   = "NIKHEF-97-008, VUTH-97-3",
      SLACcitation   = "%%CITATION = HEP-PH/9702281;%%",
}

@article{Boer:2008fr,
      author         = "Boer, Daniel",
      title          = "{Angular dependences in inclusive two-hadron production
                        at BELLE}",
      journal        = "Nucl. Phys.",
      volume         = "B806",
      year           = "2009",
      pages          = "23-67",
      doi            = "10.1016/j.nuclphysb.2008.06.011",
     
}
@article{TMD_factorized_cross-section,
      author         = "Bacchetta, Alessandro and Echevarria, Miguel G. and
                        Mulders, Piet J. G. and Radici, Marco and Signori, Andrea",
      title          = "{Effects of TMD evolution and partonic flavor on e$^{+}$
                        e$^{?}$ annihilation into hadrons}",
      journal        = "JHEP",
      volume         = "11",
      year           = "2015",
      pages          = "076",
      doi            = "10.1007/JHEP11(2015)076",
      eprint         = "1508.00402",
      archivePrefix  = "arXiv",
      primaryClass   = "hep-ph",
      reportNumber   = "NIKHEF-2014-035, NIKHEF-PREPRINT-NUMBER-2014-035",
      SLACcitation   = "%%CITATION = ARXIV:1508.00402;%%"
}
@article{Aidala:2012mv,
      author         = "Aidala, Christine A. and Bass, Steven D. and Hasch, Delia
                        and Mallot, Gerhard K.",
      title          = "{The Spin Structure of the Nucleon}",
      journal        = "Rev. Mod. Phys.",
      volume         = "85",
      year           = "2013",
      pages          = "655-691",
      doi            = "10.1103/RevModPhys.85.655"
}
@article{Metz:2016swz,
      author         = "Metz, Andreas and Vossen, Anselm",
      title          = "{Parton Fragmentation Functions}",
      journal        = "Prog. Part. Nucl. Phys.",
      volume         = "91",
      year           = "2016",
      pages          = "136-202",
      doi            = "10.1016/j.ppnp.2016.08.003",
     
}

@article{Efremov:2006qm,
      author         = "Efremov, A. V. and Goeke, K. and Schweitzer, P.",
      title          = "{Collins effect in semi-inclusive deeply inelastic
                        scattering and in e+ e- annihilation}",
      journal        = "Phys. Rev.",
      volume         = "D73",
      year           = "2006",
      pages          = "094025",
      doi            = "10.1103/PhysRevD.73.094025",
      
}

@article{SSATrentoConvention,
      author         = "Bacchetta, Alessandro and D'Alesio, Umberto and Diehl,
                        Markus and Miller, C. Andy",
      title          = "{Single-spin asymmetries: The Trento conventions}",
      journal        = "Phys.Rev.",
      volume         = "D70",
      pages          = "117504",
      doi            = "10.1103/PhysRevD.70.117504",
      year           = "2004",
      
}
@article{CollinTheory,
      author         = "Bacchetta, A. and Kundu, R. and Metz, A. and Mulders,
                        P.J.",
      title          = "{The Collins fragmentation function: A Simple model
                        calculation}",
      journal        = "Phys.Lett.",
      volume         = "B506",
      pages          = "155-160",
      doi            = "10.1016/S0370-2693(01)00388-4",
      year           = "2001",
      eprint         = "hep-ph/0102278",
      archivePrefix  = "arXiv",
      primaryClass   = "hep-ph",
      reportNumber   = "VUTH-01-03",
      SLACcitation   = "%%CITATION = HEP-PH/0102278;%%",
}
@article{StarTSSA1,
      author         = "Heppelmann, Steven",
      title          = "{Measurement of Transverse Single Spin Asymmetry A(N) in
                        Eta Mass Region at Large Feynman X(F) with the STAR
                        Forward Pion Detector}",
      collaboration  = "STAR",
      pages          = "273-275",
      year           = "2009",
     
      SLACcitation   = "%%CITATION = ARXIV:0905.2840;%%",
}

@article{Adamczyk:2012xd,
      author         = "Adamczyk, L. and others",
      title          = "{Transverse Single-Spin Asymmetry and Cross-Section for
                        $\pi^0$ and $\eta$ Mesons at Large Feynman-$x$ in
                        Polarized $p+p$ Collisions at $\sqrt{s}=200$ GeV}",
      collaboration  = "STAR",
      journal        = "Phys. Rev.",
      volume         = "D86",
      year           = "2012",
      pages          = "051101",
      doi            = "10.1103/PhysRevD.86.051101",
      eprint         = "1205.6826",
      archivePrefix  = "arXiv",
      primaryClass   = "nucl-ex",
      SLACcitation   = "%%CITATION = ARXIV:1205.6826;%%"
}
@article{StarTSSA2,
      author         = "Adamczyk, L. and others",
      title          = "{Transverse Single-Spin Asymmetry and Cross-Section for
                        $\pi^0$ and $\eta$ Mesons at Large Feynman-$x$ in
                        Polarized $p+p$ Collisions at $\sqrt{s}=200$ GeV}",
      collaboration  = "STAR",
      journal        = "Phys.Rev.",
      volume         = "D86",
      pages          = "051101",
      doi            = "10.1103/PhysRevD.86.051101",
      year           = "2012",
      eprint         = "1205.6826",
      archivePrefix  = "arXiv",
      primaryClass   = "nucl-ex",
      SLACcitation   = "%%CITATION = ARXIV:1205.6826;%%",
}
@article{StarTSSA3,
      author         = "Heppelmann, Steven",
      title          = "{Large $p_T$ Forward Transverse Single Spin Asymmetries
                        of $\pi0$ Mesons at $\sqrt s =$ 200 and 500 GeV from
                        STAR}",
      booktitle      = "{Proceedings, 21st International Workshop on
                        Deep-Inelastic Scattering and Related Subjects (DIS
                        2013)}",
      collaboration  = "STAR",
      journal        = "PoS",
      volume         = "DIS2013",
      year           = "2013",
      pages          = "240",
      SLACcitation   = "%%CITATION = POSCI,DIS2013,240;%%"
}
@article{PHENIX,
      author         = "Adare, A. and others",
      title          = "{Cross section and transverse single-spin asymmetry of
                        $\eta$ mesons in $p^{\uparrow}+p$ collisions at
                        $\sqrt{s}=200$ GeV at forward rapidity}",
      collaboration  = "PHENIX",
      journal        = "Phys. Rev.",
      volume         = "D90",
      year           = "2014",
      number         = "7",
      pages          = "072008",
      doi            = "10.1103/PhysRevD.90.072008",
      eprint         = "1406.3541",
      archivePrefix  = "arXiv",
      primaryClass   = "hep-ex",
      SLACcitation   = "%%CITATION = ARXIV:1406.3541;%%"
}

@article{TSSA_SIDIS,
      author         = "Airapetian, A. and others",
      title          = "{Transverse target single-spin asymmetry in inclusive
                        electroproduction of charged pions and kaons}",
      collaboration  = "HERMES",
      journal        = "Phys. Lett.",
      volume         = "B728",
      year           = "2014",
      pages          = "183-190",
      doi            = "10.1016/j.physletb.2013.11.021",
      eprint         = "1310.5070",
      archivePrefix  = "arXiv",
      primaryClass   = "hep-ex",
      reportNumber   = "DESY-13-187",
      SLACcitation   = "%%CITATION = ARXIV:1310.5070;%%"
}

@phdthesis{CrystalBallFunc,
      author         = "Gaiser, J. E.",
      title          = "{Charmonium Spectroscopy from Radiative Decays of the J/$\Psi$ and $\Psi'^\ast$}",
      year           = "1982",
      school         = "Standford"
}

@article{BelleDetector,
       author         = "Abashian, A. and Gotow, K. and Morgan, N. and Piilonen,
                        L. and Schrenk, S. and others",
      title          = "{The Belle Detector}",
      journal        = "Nucl.Instrum.Meth.",
      volume         = "A479",
      pages          = "117-232",
      doi            = "10.1016/S0168-9002(01)02013-7",
      year           = "2002",
      reportNumber   = "KEK-PROGRESS-REPORT-2000-4",
      SLACcitation   = "%%CITATION = NUIMA,A479,117;%%",
}
@article{Pythia,
      author         = "Sjostrand, Torbjorn and Eden, Patrik and Friberg,
                        Christer and Lonnblad, Leif and Miu, Gabriela and others",
      title          = "{High-energy physics event generation with PYTHIA 6.1}",
      journal        = "Comput.Phys.Commun.",
      volume         = "135",
      pages          = "238-259",
      doi            = "10.1016/S0010-4655(00)00236-8",
      year           = "2001",
      eprint         = "hep-ph/0010017",
      archivePrefix  = "arXiv",
      primaryClass   = "hep-ph",
      reportNumber   = "LU-TP-00-30",
      SLACcitation   = "%%CITATION = HEP-PH/0010017;%%",
}
@article{DetectorSimulation,
      author         = "Brun, R. and Bruyant, F. and Maire, M. and McPherson,
                        A.C. and Zanarini, P.",
      title          = "{GEANT3}",
      year           = "1987",
      journal   = "CERN Report",
      reportNumber   = "CERN-DD-EE-84-1",
      SLACcitation   = "%%CITATION = CERN-DD-EE-84-1 ETC.;%%",
}
@article{BelleNote1,
     author         = "R.Seidl",
      title          = "{BelleNote 805}",
      year           = "2005",
     }
@article{BelleNote2,
     author         = "R.Seidl",
      title          = "{BelleNote 878}",
      year           = "2006",
}
@article{BelleNote3,
     author         = "R.Seidl",
      title          = "{BelleNote 902}",
      year           = "2006",
}
@article{BelleNote4,
     author         = "Francesca Giordano",
      title          = "{BelleNote 1346}",
      year           = "2014",
}

=========================================================
@article{TransversityandCollinsfromSIDISandEE,
      author         = "Anselmino, M. and Boglione, M. and D'Alesio, U. and
                        Kotzinian, A. and Murgia, F. and Prokudin, A. and Turk,
                        C.",
      title          = "{Transversity and Collins functions from SIDIS and e+ e-
                        data}",
      journal        = "Phys. Rev.",
      volume         = "D75",
      year           = "2007",
      pages          = "054032",
      doi            = "10.1103/PhysRevD.75.054032",
     
}

@article{KaonGlobalFit,
      author         = "Anselmino, M. and Boglione, M. and D'Alesio, U. and
                        Hernandez, J. O. Gonzalez and Melis, S. and Murgia, F. and
                        Prokudin, A.",
      title          = "{Extracting the Kaon Collins function from $e^+e^-$
                        hadron pair production data}",
      journal        = "Phys. Rev.",
      volume         = "D93",
      year           = "2016",
      number         = "3",
      pages          = "034025",
      doi            = "10.1103/PhysRevD.93.034025",
      eprint         = "1512.02252",
      archivePrefix  = "arXiv",
      primaryClass   = "hep-ph",
      SLACcitation   = "%%CITATION = ARXIV:1512.02252;%%"
}

@article{GlobalFit,
      author         = "Anselmino, M. and Boglione, M. and D'Alesio, U. and
                        Kotzinian, A. and Murgia, F. and Prokudin, A. and Melis,
                        S.",
      title          = "{Update on transversity and Collins functions from SIDIS
                        and e+ e- data}",
      booktitle      = "{Proceedings, Ringberg Workshop on New Trends in HERA
                        Physics 2008}",
      journal        = "Nucl. Phys. Proc. Suppl.",
      volume         = "191",
      year           = "2009",
      pages          = "98-107",
      doi            = "10.1016/j.nuclphysbps.2009.03.117",
      eprint         = "0812.4366",
      archivePrefix  = "arXiv",
      primaryClass   = "hep-ph",
      SLACcitation   = "%%CITATION = ARXIV:0812.4366;%%"
}
@article{GlobalFit2,
      author         = "Anselmino, M. and Boglione, M. and D'Alesio, U. and
                        Melis, S. and Murgia, F. and Prokudin, A.",
      title          = "{Simultaneous extraction of transversity and Collins
                        functions from new SIDIS and e+e- data}",
      journal        = "Phys. Rev.",
      volume         = "D87",
      year           = "2013",
      pages          = "094019",
      doi            = "10.1103/PhysRevD.87.094019",
      eprint         = "1303.3822",
      archivePrefix  = "arXiv",
      primaryClass   = "hep-ph",
      reportNumber   = "JLAB-THY-13-1704",
      SLACcitation   = "%%CITATION = ARXIV:1303.3822;%%"
}
@article{GlobalFit3,
      author         = "Anselmino, M. and Boglione, M. and D'Alesio, U. and
                        Gonzalez Hernandez, J. O. and Melis, S. and Murgia, F. and
                        Prokudin, A.",
      title          = "{Collins functions for pions from SIDIS and new $e^+e^-$
                        data: a first glance at their transverse momentum
                        dependence}",
      journal        = "Phys. Rev.",
      volume         = "D92",
      year           = "2015",
      number         = "11",
      pages          = "114023",
      doi            = "10.1103/PhysRevD.92.114023",
      eprint         = "1510.05389",
      archivePrefix  = "arXiv",
      primaryClass   = "hep-ph",
      SLACcitation   = "%%CITATION = ARXIV:1510.05389;%%"
}

@article{universal,
      author         = "Yuan, Feng",
      title          = "{Azimuthal asymmetric distribution of hadrons inside a
                        jet at hadron collider}",
      journal        = "Phys. Rev. Lett.",
      volume         = "100",
      year           = "2008",
      pages          = "032003",
      doi            = "10.1103/PhysRevLett.100.032003",
      eprint         = "0709.3272",
      archivePrefix  = "arXiv",
      primaryClass   = "hep-ph",
      reportNumber   = "RBRC-689",
      SLACcitation   = "%%CITATION = ARXIV:0709.3272;%%"
}
@article{universal2,
      author         = "Yuan, Feng",
      title          = "{Collins Asymmetry at Hadron Colliders}",
      journal        = "Phys. Rev.",
      volume         = "D77",
      year           = "2008",
      pages          = "074019",
      doi            = "10.1103/PhysRevD.77.074019",
      eprint         = "0801.3441",
      archivePrefix  = "arXiv",
      primaryClass   = "hep-ph",
      reportNumber   = "RBRC-718, LBNL-63750",
      SLACcitation   = "%%CITATION = ARXIV:0801.3441;%%"
}

@article{universal3,
      author         = "Yuan, Feng and Zhou, Jian",
      title          = "{Collins Fragmentation and the Single Transverse Spin
                        Asymmetry}",
      journal        = "Phys. Rev. Lett.",
      volume         = "103",
      year           = "2009",
      pages          = "052001",
      doi            = "10.1103/PhysRevLett.103.052001",
      eprint         = "0903.4680",
      archivePrefix  = "arXiv",
      primaryClass   = "hep-ph",
      SLACcitation   = "%%CITATION = ARXIV:0903.4680;%%"
}

@article{hermes,
      author         = "Airapetian, A. and others",
      title          = "{Single-spin asymmetries in semi-inclusive deep-inelastic
                        scattering on a transversely polarized hydrogen target}",
      collaboration  = "HERMES",
      journal        = "Phys. Rev. Lett.",
      volume         = "94",
      year           = "2005",
      pages          = "012002",
      doi            = "10.1103/PhysRevLett.94.012002",
      eprint         = "hep-ex/0408013",
      archivePrefix  = "arXiv",
      primaryClass   = "hep-ex",
      reportNumber   = "DESY-04-141",
      SLACcitation   = "%%CITATION = HEP-EX/0408013;%%"
}

@article{compass,
      author         = "Ageev, E. S. and others",
      title          = "{A New measurement of the Collins and Sivers asymmetries
                        on a transversely polarised deuteron target}",
      collaboration  = "COMPASS",
      journal        = "Nucl. Phys.",
      volume         = "B765",
      year           = "2007",
      pages          = "31-70",
      doi            = "10.1016/j.nuclphysb.2006.10.027",
      eprint         = "hep-ex/0610068",
      archivePrefix  = "arXiv",
      primaryClass   = "hep-ex",
      reportNumber   = "DAPNIA-06-341, CERN-PH-EP-2006-031, CERN-PH-EP_2006-031",
      SLACcitation   = "%%CITATION = HEP-EX/0610068;%%"
}

@article{TSSA_old_theory,
      author         = "Kane, Gordon L. and Pumplin, J. and Repko, W.",
      title          = "{Transverse Quark Polarization in Large p(T) Reactions,
                        e+ e- Jets, and Leptoproduction: A Test of QCD}",
      journal        = "Phys. Rev. Lett.",
      volume         = "41",
      year           = "1978",
      pages          = "1689",
      doi            = "10.1103/PhysRevLett.41.1689",
      reportNumber   = "UM HE 78-29",
      SLACcitation   = "%%CITATION = PRLTA,41,1689;%%"
}

@article{TSSA_exist1,
      author         = "Klem, R. D. and Bowers, J. E. and Courant, H. W. and
                        Kagan, H. and Marshak, M. L. and Peterson, E. A. and
                        Ruddick, K. and Dragoset, W. H. and Roberts, J. B.",
      title          = "{Measurement of Asymmetries of Inclusive Pion Production
                        in Proton Proton Interactions at 6-GeV/c and 11.8-GeV/c}",
      journal        = "Phys. Rev. Lett.",
      volume         = "36",
      year           = "1976",
      pages          = "929-931",
      doi            = "10.1103/PhysRevLett.36.929",
      SLACcitation   = "%%CITATION = PRLTA,36,929;%%"
}

@article{TSSA_exist2,
      author         = "Saroff, S. and others",
      title          = "{Single Spin Asymmetry in Inclusive Reactions Polarized
                        $P$, $P$ Goes to $\pi^+$, $\pi^-$, and $P$ at High $P$(t)
                        at 13.3-{GeV}/$c$ and 18.5-{GeV}/$c$}",
      journal        = "Phys. Rev. Lett.",
      volume         = "64",
      year           = "1990",
      pages          = "995",
      doi            = "10.1103/PhysRevLett.64.995",
      reportNumber   = "AZPH-EX-89-01",
      SLACcitation   = "%%CITATION = PRLTA,64,995;%%"
}

@article{TSSA_Sivers,
      author         = "Sivers, Dennis W.",
      title          = "{Single Spin Production Asymmetries from the Hard
                        Scattering of Point-Like Constituents}",
      journal        = "Phys. Rev.",
      volume         = "D41",
      year           = "1990",
      pages          = "83",
      doi            = "10.1103/PhysRevD.41.83",
      reportNumber   = "ANL-HEP-PR-89-32",
      SLACcitation   = "%%CITATION = PHRVA,D41,83;%%"
}

@article{TSSA_Collins,
      author         = "Collins, John C.",
      title          = "{Fragmentation of transversely polarized quarks probed in
                        transverse momentum distributions}",
      journal        = "Nucl. Phys.",
      volume         = "B396",
      year           = "1993",
      pages          = "161-182",
      doi            = "10.1016/0550-3213(93)90262-N"
}

@article{TSSA_DIS_to_pp,
      author         = "Vogelsang, Werner and Yuan, Feng",
      title          = "{Single-transverse spin asymmetries: From DIS to hadronic
                        collisions}",
      journal        = "Phys. Rev.",
      volume         = "D72",
      year           = "2005",
      pages          = "054028",
      doi            = "10.1103/PhysRevD.72.054028",
      eprint         = "hep-ph/0507266",
      archivePrefix  = "arXiv",
      primaryClass   = "hep-ph",
      reportNumber   = "BNL-NT-05-26, RBRC-537",
      SLACcitation   = "%%CITATION = HEP-PH/0507266;%%"
}

@article{TSSA_hightwist,
      author         = "Qiu, Jian-wei and Sterman, George F.",
      title          = "{Single transverse spin asymmetries}",
      journal        = "Phys. Rev. Lett.",
      volume         = "67",
      year           = "1991",
      pages          = "2264-2267",
      doi            = "10.1103/PhysRevLett.67.2264",
      reportNumber   = "ITP-SB-91-8",
      SLACcitation   = "%%CITATION = PRLTA,67,2264;%%"
}

@article{TSSA_hightwist2,
      author         = "Kouvaris, Chris and Qiu, Jian-Wei and Vogelsang, Werner
                        and Yuan, Feng",
      title          = "{Single transverse-spin asymmetry in high transverse
                        momentum pion production in pp collisions}",
      journal        = "Phys. Rev.",
      volume         = "D74",
      year           = "2006",
      pages          = "114013",
      doi            = "10.1103/PhysRevD.74.114013",
      eprint         = "hep-ph/0609238",
      archivePrefix  = "arXiv",
      primaryClass   = "hep-ph",
      reportNumber   = "BNL-NT-06-30, RBRC-611",
      SLACcitation   = "%%CITATION = HEP-PH/0609238;%%"
}

@article{pi0info,
      author         = "K.A. Olive et al. (Particle Data Group)",
      journal        = "Chin. Phys. C",
      volume         = "38",
      year           = "2014 and 2015 update",
      pages          = "090001",
}

====================== Detector Related====================
@phdthesis{KaonCPViolation,
      author         = "Christenson, James Harlowe",
      title          = "{Regeneration of $K^0_1$ Mesons and the $K^0_1  - K^0_2$
                        Mass Difference}",
      school         = "Princeton U.",
      year           = "1964",
      reportNumber   = "AD-604-018, PEPL-TR-34",
      SLACcitation   = "%%CITATION = AD-604-018;%%"
}

@misc{lumirecord,
  title = {{History of Records}},
  howpublished = "\url{http://www-acc.kek.jp/kekb/commissioning/record/History_of_record.html}",
  note = "[Online; accessed 24-May-2016]"
}

@misc{bellegallery,
  title = {{Belle gallery}},
  howpublished = "\url{http://belle.kek.jp/belle/slides/slide_index.html}",
  note = "[Online; accessed 24-May-2016]"
}

@article{lumi,
      author         = "Jolanta B. and others",
      title          = "{Physics achievements from the Belle experiment}",
      journal        = "Prog. Theor. Exp. Phys.",
      volume         = "04D001",
      year           = "2012",
      doi            = "10.1093/ptep/pts072",
}

@misc{BelleII,
  title = {{Belle II experiment}},
  howpublished = "\url{https://www.belle2.org}",
  note = "[Online; accessed 24-May-2016]"
}


@article{TheBelleDetector,
      author         = "Abashian, A. and others",
      title          = "{The Belle Detector}",
      journal        = "Nucl. Instrum. Meth.",
      volume         = "A479",
      year           = "2002",
      pages          = "117-232",
      doi            = "10.1016/S0168-9002(01)02013-7",
      reportNumber   = "KEK-PROGRESS-REPORT-2000-4",
      SLACcitation   = "%%CITATION = NUIMA,A479,117;%%"
}

@article{ParticleDataGroup,
      author         = "Beringer, J. and others",
      title          = "{Review of Particle Physics (RPP)}",
      collaboration  = "Particle Data Group",
      journal        = "Phys. Rev.",
      volume         = "D86",
      year           = "2012",
      pages          = "010001",
      doi            = "10.1103/PhysRevD.86.010001",
      reportNumber   = "SLAC-REPRINT-2014-001",
      SLACcitation   = "%%CITATION = PHRVA,D86,010001;%%"
}

@article{CPViolation,
      author         = "Abe, Kazuo and others",
      title          = "{Observation of large CP violation in the neutral $B$
                        meson system}",
      collaboration  = "Belle",
      journal        = "Phys. Rev. Lett.",
      volume         = "87",
      year           = "2001",
      pages          = "091802",
      doi            = "10.1103/PhysRevLett.87.091802",
      eprint         = "hep-ex/0107061",
      archivePrefix  = "arXiv",
      primaryClass   = "hep-ex",
      reportNumber   = "KEK-PREPRINT-2001-50, BELLE-PREPRINT-2001-10",
      SLACcitation   = "%%CITATION = HEP-EX/0107061;%%"
}

@article{SVD,
      author   = "Alimonti, G. and others",
      title          = "{The BELLE silicon vertex detector}",
      booktitle      = "{Proceedings, 7th International Conference on
                        Instrumentation for colliding beam physics (INSTR99)}",
      collaboration  = "Belle",
      journal        = "Nucl. Instrum. Meth.",
      volume         = "A453",
      year           = "2000",
      pages          = "71-77",
      doi            = "10.1016/S0168-9002(00)00608-2",
      reportNumber   = "KEK-PREPRINT-2000-34",
      SLACcitation   = "%%CITATION = NUIMA,A453,71;%%"
}

@article{SVD2,
      author         = "Aihara, H. and others",
      title          = "{Belle SVD2 vertex detector}",
      booktitle      = "{New developments in radiation detectors. Proceedings,
                        10th European Symposium on Semiconductor Detectors,
                        Wildbad Kreuth, Germany, June 12-16, 2005}",
      journal        = "Nucl. Instrum. Meth.",
      volume         = "A568",
      year           = "2006",
      pages          = "269-273",
      doi            = "10.1016/j.nima.2006.05.281",
      SLACcitation   = "%%CITATION = NUIMA,A568,269;%%"
}

@article{StatusOfSVD,
      author         = "Kibayashi, A.",
      title          = "{Status of the Belle silicon vertex detector}",
      booktitle      = "{Vertex detectors. Proceedings, 14th international
                        workshop, VERTEX 2005, Nikko, Lake Chuuzenji, Japan,
                        November 7-11, 2005}",
      collaboration  = "Belle",
      journal        = "Nucl. Instrum. Meth.",
      volume         = "A569",
      year           = "2006",
      pages          = "5-7",
      doi            = "10.1016/j.nima.2006.09.002",
      SLACcitation   = "%%CITATION = NUIMA,A569,5;%%"
}

@article{CDC,
      author         = "Hirano, H. and others",
      title          = "{A high resolution cylindrical drift chamber for the KEK
                        B factory}",
      journal        = "Nucl. Instrum. Meth.",
      volume         = "A455",
      year           = "2000",
      pages          = "294-304",
      doi            = "10.1016/S0168-9002(00)00513-1",
      reportNumber   = "KEK-PREPRINT-2000-2, DPNU-00-09, SAGA-HE-162",
      SLACcitation   = "%%CITATION = NUIMA,A455,294;%%"
}
@article{BellePID,
      author         = "Nakano, E.",
      title          = "{Belle PID}",
      booktitle      = "{Proceedings, 8th International Conference on
                        Instrumentation for colliding beam physics (INSTR02)}",
      journal        = "Nucl. Instrum. Meth.",
      volume         = "A494",
      year           = "2002",
      pages          = "402-408",
      doi            = "10.1016/S0168-9002(02)01510-3",
      SLACcitation   = "%%CITATION = NUIMA,A494,402;%%"
}

@misc{detector_gallery,
  title = "{Detector gallery}",
  howpublished = "\url{http://belle.kek.jp/secured/kid/other/plot_summer2000/figure.html}",
  note = "[Online; accessed 25-May-2016]"
}

@article{ACC,
      author         = "Iijima, T. and others",
      title          = "{Aerogel Cherenkov counter for the BELLE detector}",
      booktitle      = "{Proceedings, 7th International Conference on
                        Instrumentation for colliding beam physics (INSTR99)}",
      journal        = "Nucl. Instrum. Meth.",
      volume         = "A453",
      year           = "2000",
      pages          = "321-325",
      doi            = "10.1016/S0168-9002(00)00652-5",
      SLACcitation   = "%%CITATION = NUIMA,A453,321;%%"
}

@article{TOF,
      author         = "Kichimi, H. and others",
      title          = "{The BELLE TOF system}",
      booktitle      = "{Proceedings, 7th International Conference on
                        Instrumentation for colliding beam physics (INSTR99)}",
      journal        = "Nucl. Instrum. Meth.",
      volume         = "A453",
      year           = "2000",
      pages          = "315-320",
      doi            = "10.1016/S0168-9002(00)00651-3",
      SLACcitation   = "%%CITATION = NUIMA,A453,315;%%"
}

@article{ECL,
      author         = "Miyabayashi, K.",
      title          = "{Belle electromagnetic calorimeter}",
      booktitle      = "{Proceedings, 8th International Conference on
                        Instrumentation for colliding beam physics (INSTR02)}",
      journal        = "Nucl. Instrum. Meth.",
      volume         = "A494",
      year           = "2002",
      pages          = "298-302",
      doi            = "10.1016/S0168-9002(02)01483-3",
      SLACcitation   = "%%CITATION = NUIMA,A494,298;%%"
}

@article{CSL,
      author         = "Sagawa, H.",
      title          = "{The BELLE CsI calorimeter}",
      booktitle      = "{Proceedings, 7th International Conference on
                        Instrumentation for colliding beam physics (INSTR99)}",
      journal        = "Nucl. Instrum. Meth.",
      volume         = "A453",
      year           = "2000",
      pages          = "259-261",
      doi            = "10.1016/S0168-9002(00)00643-4",
      SLACcitation   = "%%CITATION = NUIMA,A453,259;%%"
}

@article{ECL_trigger,
      author         = "Cheon, B. G. and others",
      title          = "{Electromagnetic calorimeter trigger at Belle}",
      booktitle      = "{Proceedings, 8th International Conference on
                        Instrumentation for colliding beam physics (INSTR02)}",
      journal        = "Nucl. Instrum. Meth.",
      volume         = "A494",
      year           = "2002",
      pages          = "548-554",
      doi            = "10.1016/S0168-9002(02)01547-4",
      SLACcitation   = "%%CITATION = NUIMA,A494,548;%%"
}

@article{ElectronID,
      author         = "Hanagaki, K. and Kakuno, H. and Ikeda, H. and Iijima, T.
                        and Tsukamoto, T.",
      title          = "{Electron identification in Belle}",
      journal        = "Nucl. Instrum. Meth.",
      volume         = "A485",
      year           = "2002",
      pages          = "490-503",
      doi            = "10.1016/S0168-9002(01)02113-1",
      eprint         = "hep-ex/0108044",
      archivePrefix  = "arXiv",
      primaryClass   = "hep-ex",
      SLACcitation   = "%%CITATION = HEP-EX/0108044;%%"
}

@article{MuonID,
      author         = "Abashian, A. and others",
      title          = "{Muon identification in the Belle experiment at KEKB}",
      journal        = "Nucl. Instrum. Meth.",
      volume         = "A491",
      year           = "2002",
      pages          = "69-82",
      doi            = "10.1016/S0168-9002(02)01164-6",
      SLACcitation   = "%%CITATION = NUIMA,A491,69;%%"
}

@misc{runinfo,
  title = {Belle Run Information},
  howpublished = "\url{http://belle.kek.jp/secured/runinfo/}",
  note = "[Online; accessed 27-May-2016]"
}

@article{evtgen,
      author         = "Lange, D. J.",
      title          = "{The EvtGen particle decay simulation package}",
      booktitle      = "{Proceedings, 7th International Conference on B physics
                        at hadron machines (BEAUTY 2000)}",
      journal        = "Nucl. Instrum. Meth.",
      volume         = "A462",
      year           = "2001",
      pages          = "152-155",
      doi            = "10.1016/S0168-9002(01)00089-4",
      SLACcitation   = "%%CITATION = NUIMA,A462,152;%%"
}

@misc{qq98,
  title = {The EvtGen package home page},
  howpublished = "\url{http://www.slac.stanford.edu/~lange/EvtGen/}",
  note = "[Online; accessed 27-May-2016]"
}

@article{pythia,
      author         = "Sjostrand, Torbjorn and Mrenna, Stephen and Skands, Peter
                        Z.",
      title          = "{PYTHIA 6.4 Physics and Manual}",
      journal        = "JHEP",
      volume         = "05",
      year           = "2006",
      pages          = "026",
      doi            = "10.1088/1126-6708/2006/05/026",
      eprint         = "hep-ph/0603175",
      archivePrefix  = "arXiv",
      primaryClass   = "hep-ph",
      reportNumber   = "FERMILAB-PUB-06-052-CD-T, LU-TP-06-13",
      SLACcitation   = "%%CITATION = HEP-PH/0603175;%%"
}

@article{Geant,
      author         = "Brun, R. and Bruyant, F. and Maire, M. and McPherson, A.
                        C. and Zanarini, P.",
      title          = "{GEANT3}",
      year           = "1987",
      journal   = "CERN-DD-EE-84-1",
       SLACcitation   = "%%CITATION = CERN-DD-EE-84-1;%%"
}

@article{Geant2,
      author         = "Brun, R. and Hagelberg, R. and Hansroul, M. and Lassalle,
                        J. C.",
      title          = "{Geant: Simulation Program for Particle Physics
                        Experiments. User Guide and Reference Manual}",
      year           = "1978",
      journal   = "CERN-DD-78-2-REV, CERN-DD-78-2",     
      SLACcitation   = "%%CITATION = CERN-DD-78-2-REV;%%"
}

@misc{pythia2,
  title = {The PYTHIA home page},
  howpublished = "\url{http://home.thep.lu.se/~torbjorn/Pythia.html}",
  note = "[Online; accessed 27-May-2016]"
}

@article{FF_theory,
      author         = "Berman, S. M. and Bjorken, J. D. and Kogut, John B.",
      title          = "{Inclusive Processes at High Transverse Momentum}",
      journal        = "Phys. Rev.",
      volume         = "D4",
      year           = "1971",
      pages          = "3388",
      doi            = "10.1103/PhysRevD.4.3388",
      reportNumber   = "SLAC-PUB-0944",
      SLACcitation   = "%%CITATION = PHRVA,D4,3388;%%"
}

@article{Factorization_QCD,
      author         = "Collins, John C. and Soper, Davison E. and Sterman,
                        George F.",
      title          = "{Factorization of Hard Processes in QCD}",
      journal        = "Adv. Ser. Direct. High Energy Phys.",
      volume         = "5",
      year           = "1989",
      pages          = "1-91",
      doi            = "10.1142/9789814503266_0001",
      eprint         = "hep-ph/0409313",
      archivePrefix  = "arXiv",
      primaryClass   = "hep-ph",
      reportNumber   = "ITP-SB-89-31",
      SLACcitation   = "%%CITATION = HEP-PH/0409313;%%"
}

@article{Intro_transversity,
      author         = "Ralston, John P. and Soper, Davison E.",
      title          = "{Production of Dimuons from High-Energy Polarized Proton
                        Proton Collisions}",
      journal        = "Nucl. Phys.",
      volume         = "B152",
      year           = "1979",
      pages          = "109",
      doi            = "10.1016/0550-3213(79)90082-8",
      reportNumber   = "OITS-100",
      SLACcitation   = "%%CITATION = NUPHA,B152,109;%%"
}

@article{Intro_transversity2,
      author         = "Jaffe, R. L. and Ji, Xiang-Dong",
      title          = "{Chiral odd parton distributions and polarized
                        Drell-Yan}",
      journal        = "Phys. Rev. Lett.",
      volume         = "67",
      year           = "1991",
      pages          = "552-555",
      doi            = "10.1103/PhysRevLett.67.552",
      reportNumber   = "MIT-CTP-1952",
      SLACcitation   = "%%CITATION = PRLTA,67,552;%%"
}

@article{Intro_transversity3,
      author         = "Cortes, J. L. and Pire, B. and Ralston, J. P.",
      title          = "{Measuring the transverse polarization of quarks in the
                        proton}",
      journal        = "Z. Phys.",
      volume         = "C55",
      year           = "1992",
      pages          = "409-416",
      doi            = "10.1007/BF01565099",
      reportNumber   = "CPTH-A048-0491",
      SLACcitation   = "%%CITATION = ZEPYA,C55,409;%%"
}